<?xml version="1.0" encoding="UTF-8"?><collection xmlns="http://www.loc.gov/MARC21/slim"><record><leader>00489nam--2200121-i-4500</leader><controlfield tag="001">000038091</controlfield><controlfield tag="002">20161230</controlfield><controlfield tag="005">20161230201041</controlfield><controlfield tag="008">060222s1000------------r-----000-0-eng-d</controlfield><datafield ind1=" " ind2=" " tag="080"><subfield code="a">061.3:025:62-52</subfield></datafield><datafield ind1=" " ind2=" " tag="245"><subfield code="a">Razionalizzazione e automazione nella bibl.naz.centr.di firenze. incontro di studi organizzato dall unesco e dal ministero della publ.istruzione firenze, 29-31 ottobre 1968. atti a cura di diego maltese</subfield></datafield><datafield ind1=" " ind2=" " tag="260"><subfield code="a">Firenze, Biblioteca Nazionale Centrale, 1970, 215p</subfield></datafield><datafield ind1=" " ind2=" " tag="852"><subfield code="a">37605</subfield></datafield></record></collection>